% Tamari
@book {T51,
    AUTHOR = {Tamari, Dov},
     TITLE = {Mono\"{\i}des pr\'{e}ordonn\'{e}s et cha\^{i}nes de {M}alcev},
      NOTE = {Th\`ese},
 PUBLISHER = {Universit\'{e} de Paris, Paris},
      YEAR = {1951},
     PAGES = {iv+81 pp. (mimeographed)},
}

% Stasheff
@article {S63,
    AUTHOR = {Stasheff, James Dillon},
     TITLE = {Homotopy associativity of {$H$}-spaces. {I}, {II}},
      NOTE = {{\bf 108} (1963), 275-292; ibid},
   JOURNAL = {Trans. Amer. Math. Soc.},
  FJOURNAL = {Transactions of the American Mathematical Society},
    VOLUME = {108},
      YEAR = {1963},
     PAGES = {293--312},
      ISSN = {0002-9947,1088-6850},
       DOI = {10.1090/s0002-9947-1963-0158400-5},
       URL = {https://doi.org/10.1090/s0002-9947-1963-0158400-5},
}



